@article{einstein,
  author       = {Albert Eistein},
  title        = {Zur.(G)},
  journaltitle = {Annalen der},
  year         = {1905},
  volume       = {322},
  number       = {10},
  pages        = {891-921},
  doi          = {http://dx.doi.org}
}

@online{knuthwebsite,
  author = {Donald Knuth},
  title  = {Knuth: Comps},
  year   = {1984},
  url    = {http://www-cs-f}
}

@book{latexcompanion,
  author    = {Michel Goossens and},
  title     = {The \LaTeX\ Comp},
  year      = {1993},
  publisher = {Addison},
  location  = {Reading}
}

@Article{2019_Hahn,
  author    = {Hahn, Jooyoung and Mikula, Karol and Frolkovi{\v{c}}, Peter and Medlâ€™a, Matej and Basara, Branislav},
  journal   = {Computers \& Mathematics with Applications},
  title     = {Iterative inflow-implicit outflow-explicit finite volume scheme for level-set equations on polyhedron meshes},
  year      = {2019},
  number    = {6},
  pages     = {1639--1654},
  volume    = {77},
  publisher = {Elsevier},
}
}