@article{einstein,
	author = {Albert Eistein},
	title = {Zur.(G)},
	journaltitle = {Annalen der},
	year = {1905},
	volume = {322},
	number = {10},
	pages = {891-921},
	doi = {http://dx.doi.org}
}

@online{knuthwebsite,
	author = {Donald Knuth},
	title = {Knuth: Comps},
	year = {1984},
	url = {http://www-cs-f}
}

@book{latexcompanion,
	author = {Michel Goossens and},
	title = {The \LaTeX\ Comp},
	year = {1993},
	publisher = {Addison},
	location = {Reading}
}
